@misc{upgrade-insecure-request,
 author = {MDN Web Docs},
 title = {Upgrade-Insecure-Requests},
 note = {\url{https://developer.mozilla.org/en-US/docs/Web/HTTP/Headers/Upgrade-Insecure-Requests?utm_source=mozilla&utm_medium=devtools-netmonitor&utm_campaign=default}},
 lastchecked = {03.12.2019}
}

@misc{status-code-301,
 author = {MDN Web Docs},
 title = {301 Moved Permanently},
 note = {\url{https://developer.mozilla.org/en-US/docs/Web/HTTP/Status/301?utm_source=mozilla&utm_medium=devtools-netmonitor&utm_campaign=default}},
 lastchecked = {03.12.2019}
}
